@Article{pidinst2020,
  author = 	 {Stocker, Markus and Darroch, Louise and Krahl, Rolf
                  and Habermann, Ted and Devaraju, Anusuriya and
                  Schwardmann, Ulrich and D'Onofrio, Claudio and
                  Häggström, Ingemar},
  title = 	 {Persistent Identification of Instruments},
  journal = 	 {Data Science Journal},
  year = 	 2020,
  volume = 	 19,
  number = 	 1,
  pages = 	 18,
  doi = 	 {10.5334/dsj-2020-018}
}

@Misc{datacite:schema,
  author = 	 {DataCite},
  title = 	 {DataCite Metadata Schema 4.4},
  month = 	 mar,
  year = 	 2021,
  url = 	 {https://schema.datacite.org/meta/kernel-4.4/}
}
